%% This BibTeX bibliography file was created using BibDesk.
%% http://bibdesk.sourceforge.net/


%% Created for Daoming Dong at 2018-11-12 16:50:35 +0000 


%% Saved with string encoding Unicode (UTF-8) 
@ARTICLE{KimSingleChipFPGA, 
author={H. Kim and Y. Kim and H. Ji and H. Park and J. An and H. Song and Y. T. Kim and H. Lee and K. Kim}, 
journal={IEEE Transactions on Industrial Electronics}, 
title={A Single-Chip FPGA Holographic Video Processor}, 
year={2019}, 
volume={66}, 
number={3}, 
pages={2066-2073}, 
doi={10.1109/TIE.2018.2835424}, 
ISSN={0278-0046}, 
month={March},
}

@ARTICLE{PWMReview, 
author={P. W. M. Tsang and T. Poon}, 
journal={IEEE Transactions on Industrial Informatics}, 
title={Review on the State-of-the-Art Technologies for Acquisition and Display of Digital Holograms}, 
year={2016}, 
volume={12}, 
number={3}, 
pages={886-901}, 
doi={10.1109/TII.2016.2550535}, 
ISSN={1551-3203}, 
month={June},}


@proceeding{DBS_1,
author = { B. K. Jennison and J. P. Allebach and D. W. Sweeney},
title = {Direct Binary Search Computer-Generated Holograms: An Accelerated Design Technique And Measurement Of Wavefront Quality},
journal = {Proc.SPIE},
volume = {1052},
number = {},
pages = {1052 - 1052 - 8},
year = {1989},
doi = {10.1117/12.951480},
URL = {https://doi.org/10.1117/12.951480},
}

@article{DBS_2,
author = {B. K. Jennison and J. P. Allebach and D. W. Sweeney},
title = {Iterative Approaches To Computer-Generated Holography},
journal = {Optical Engineering},
volume = {28},
number = {},
pages = {28 - 28 - 9},
year = {1989},
doi = {10.1117/12.7977012},
URL = {https://doi.org/10.1117/12.7977012},
eprint = {}
}

@article{SA2,
author = {J. A. Carpenter and T. D. Wilkinson},
title = {Graphics processing unit-accelerated holography by simulated annealing},
journal = {Optical Engineering},
volume = {49},
number = {},
pages = {49 - 49 - 7},
year = {2010},
doi = {10.1117/1.3484950},
URL = {https://doi.org/10.1117/1.3484950},
eprint = {}
}


@article{GS1,
  author = {R. W. Gerchberg and A. Saxton W. O.},
  title = {A practical algorithm for the determination of phase from image and diffraction plane pictures},
  journal = {Optik},
  volume = {35},
  pages = {237-250},
}

@misc{LBOLightTouch,
  title = {{I}ntroducing the {L}ight {T}ouch interactive projector (w/ {V}ideo)},
  howpublished = {\url{https://phys.org/news/2010-01-interactive-projector-video.html}},
  note = {Accessed: 2018-11-22},
}

@misc{Huygens_Fresnel,
  title = {Huygens-{F}resnel principle},
  howpublished = {\url{https://en.wikipedia.org/wiki/Huygens%E2%80%93Fresnel_principle}},
  note = {Accessed: 2018-11-22},
}

@article{FixedPointFPGA,
  title = {{F}ixed-{P}oint {A}rithmetic in {FPGA}},
  author = {M. Becvar and P. Stukjunger},
  journal = {Acta Polytechnica},
  number = {2},
  volume = {45},
  year = {2005},
  pages = {67-72},
}

@inproceedings{CGHReviewByMLucente,
 author = {M. Lucente},
 title = {The first 20 years of holographic video and the next 20},
 booktitle = {},
 series = {SMPTE 2nd Annual International Conference on Stereoscopic 3D for Media and Entertainment,},
 year = {2011},
 pages = {1-16},
 numpages = {16},
 address = {New York, NY, USA},
} 


@article{Holo3DImagingMethodApplication,
  title = {Holographic 3D imaging - methods and applications},
  author = {J. Svoboda and M. Skeren and M. Kveton and P. Fiala},
  journal = {Journal of Physics: Conference Series},
  volume = {415},
  number = {1},
  year = {2013},
  pages = {1-8},
}


@article{CGH:HistoricalReview,
  author = {G. Tricoles},
  journal = {Appl. Opt.},
  number = {20},
  pages = {4351--4360},
  publisher = {OSA},
  title = {Computer generated holograms: an historical review},
  volume = {26},
  month = {Oct},
  year = {1987},
  url = {http://ao.osa.org/abstract.cfm?URI=ao-26-20-4351},
  doi = {10.1364/AO.26.004351},
}

@article{GaborHolography1,
  author = {D. Gabor and W. E. Kock and G. W. Stroke},
  journal = {Science},
  number = {3991},
  volume = {173},
  title = {Holography},
  month = {July},
  year = {1971},
}

@article{GaborHolography,
  author = {D. Gabor},
  journal = {Nature},
  number = {161},
  pages = {777--778},
  publisher = {Nature},
  title = {A new microscopic principle},
  volume = {161},
  month = {May},
  year = {1948},
  url = {https://www.nature.com/articles/161777a0},
  doi = {https://doi.org/10.1038/161777a0},
}

@article{Brown:66,
author = {B. R. Brown and A. W. Lohmann},
journal = {Appl. Opt.},
number = {6},
pages = {967--969},
publisher = {OSA},
title = {Complex Spatial Filtering with Binary Masks},
volume = {5},
month = {Jun},
year = {1966},
url = {http://ao.osa.org/abstract.cfm?URI=ao-5-6-967},
doi = {10.1364/AO.5.000967},
}


@book{goodman2005introduction,
  title={Introduction to Fourier Optics},
  author={Goodman, J.W.},
  isbn={9780974707723},
  lccn={2004023213},
  series={McGraw-Hill physical and quantum electronics series},
  url={https://books.google.co.uk/books?id=ow5xs\_Rtt9AC},
  year={2005},
  publisher={W. H. Freeman}
}

@book{hecht2002optics,
  title={Optics},
  author={Hecht, E.},
  isbn={9780805385663},
  lccn={20010325},
  series={Pearson education},
  url={https://books.google.co.uk/books?id=7aG6QgAACAAJ},
  year={2002},
  publisher={Addison-Wesley}
}

@book{3Dperception,
  title={Binocular vision and stereopsis},
  author={I. P. Howard and B. J. Rogers},
  isbn={9780195084764},
  series={Oxford Psychology Series},
  year={1996},
  publisher={Oxford University Press}
}

@book{PhysiologyCues,
  title={Three-dimensional imaging techniques},
  author={{\=O}koshi, T.},
  isbn={9780125252508},
  lccn={75013106},
  url={https://books.google.co.uk/books?id=VwZUAAAAMAAJ},
  year={1976},
  publisher={Academic Press}
}


@misc{4B11,
  author = {T. Wilkinson},
  title = {Lecture notes 4{B}11 phtonics systems},
  month = {October},
  year = {2015},
  publisher={Departement of Engineering, University of Cambridge}
}

@article{SLM1,
author = {J. L. de Bougrenet de la Tocnaye and L. Dupont},
journal = {Appl. Opt.},
number = {8},
pages = {1730--1741},
publisher = {OSA},
title = {Complex amplitude modulation by use of liquid-crystal spatial light modulators},
volume = {36},
month = {Mar},
year = {1997},
url = {http://ao.osa.org/abstract.cfm?URI=ao-36-8-1730},
doi = {10.1364/AO.36.001730},
}



@article{Ito_Review,
	Author = {T. Shimobaba and T. Kakue and T. Ito},
	Date-Added = {2018-11-12 16:46:13 +0000},
	Date-Modified = {2018-11-12 16:47:49 +0000},
	Journal = {IEEE TRANSACTIONS ON INDUSTRIAL INFORMATICS},
	Number = {4},
	Pages = {1611-1622},
	Title = {Review of Fast Algorithms and Hardware Implementations on Computer Holography},
	Volume = {12},
	Year = {2016}}

@article{Iteractive_LUT,
	Author = {M. Lucente},
	Date-Added = {2018-11-12 16:44:07 +0000},
	Date-Modified = {2018-11-12 16:45:12 +0000},
	Journal = {Journal of Electronic Imaging},
	Number = {1},
	Pages = {28-34},
	Title = {Interactive computation of holograms using a look-up table},
	Volume = {2},
	Year = {1993}}

@inproceedings{HardReview_84,
 author = {M. Lucente and Galyean, T. A.},
 title = {Rendering Interactive Holographic Images},
 booktitle = {Proceedings of the 22Nd Annual Conference on Computer Graphics and Interactive Techniques},
 series = {SIGGRAPH '95},
 year = {1995},
 isbn = {0-89791-701-4},
 pages = {387--394},
 numpages = {8},
 url = {http://doi.acm.org/10.1145/218380.218490},
 doi = {10.1145/218380.218490},
 acmid = {218490},
 publisher = {ACM},
 address = {New York, NY, USA},
} 

@proceeding{HardReview_85,
	author = {C. Petz and M. Magnor},
	title = {Fast hologram synthesis for 3D geometry models using graphics hardware},
	journal = {Proc.SPIE},
	volume = {5005},
	number = {},
	pages = {5005 - 5005 - 10},
	year = {2003},
	doi = {10.1117/12.476879},
	URL = {https://doi.org/10.1117/12.476879},
	eprint = {}
}

@article{HardReview_87,
author = {N. Masuda and T. Ito and T. Tanaka and A. Shiraki and T. Sugie},
journal = {Opt. Express},
keywords = {Holography; Computer holography; Computer generated holograms; Holography; Light wavelength; Liquid crystal displays; Numerical simulation; Three dimensional imaging},
number = {2},
pages = {603--608},
publisher = {OSA},
title = {Computer generated holography using a graphics processing unit},
volume = {14},
month = {Jan},
year = {2006},
url = {http://www.opticsexpress.org/abstract.cfm?URI=oe-14-2-603},
doi = {10.1364/OPEX.14.000603},
}

@article{HardReview_88,
author = {T. Shimobaba and Y. Sato and J. Miura and M. Takenouchi and T. Ito},
journal = {Opt. Express},
keywords = {Digital holography ; Real-time holography},
number = {16},
pages = {11776--11781},
publisher = {OSA},
title = {Real-time digital holographic microscopy using the graphic processing unit},
volume = {16},
month = {Aug},
year = {2008},
url = {http://www.opticsexpress.org/abstract.cfm?URI=oe-16-16-11776},
doi = {10.1364/OE.16.011776},
}
@article{HardReview90,
author = {N. Takada and T. Shimobaba and H. Nakayama and A. Shiraki and N. Okada and M. Oikawa and N. Masuda and T. Ito},
journal = {Appl. Opt.},
number = {30},
pages = {7303--7307},
publisher = {OSA},
title = {Fast high-resolution computer-generated hologram computation using multiple graphics processing unit cluster system},
volume = {51},
month = {Oct},
year = {2012},
url = {http://ao.osa.org/abstract.cfm?URI=ao-51-30-7303},
doi = {10.1364/AO.51.007303},
}


@ARTICLE{HardReview_89, 
author={L. Ahrenberg and A. J. Page and B. M. Hennelly and J. B. McDonald and T. J. Naughton}, 
journal={Journal of Display Technology}, 
title={Using Commodity Graphics Hardware for Real-Time Digital Hologram View-Reconstruction}, 
year={2009}, 
volume={5}, 
number={4}, 
pages={111-119}, 
doi={10.1109/JDT.2009.2013159}, 
ISSN={1551-319X}, 
month={April},
}

@ARTICLE{HORN8,
author={T. Sugie and T. Akamatsu and T. Nishitsuji and R. Hirayama and N. Masuda and H. Nakayama and Y. Ichihashi and A. Shiraki and M. Oikawa and N. Takada and Y. Endo and T. Kakue and T. Shimobaba and T. Ito},
journal={Nature electronics},
title={High-performance parallel computing for next-generation holographic imaging},
year = {2018},
volume={1},
pages={254-259},
month={April},
}

@article{HORN8_1,
author = {T. Nishitsuji and Y. Yamamoto and T. Sugie and T. Akamatsu and R. Hirayama and H. Nakayama and T. Kakue and T. Shimobaba and T. Ito},
journal = {Opt. Express},
number = {20},
pages = {26722--26733},
publisher = {OSA},
title = {Special-purpose computer HORN-8 for phase-type electro-holography},
volume = {26},
month = {Oct},
year = {2018},
url = {http://www.opticsexpress.org/abstract.cfm?URI=oe-26-20-26722},
doi = {10.1364/OE.26.026722},
}



@ARTICLE{HORN1,
author = {T. Ito and T. Yabe and M. Okazaki and M. Yanagi},
journal = {Computer physics communications},
title = {Special-purpose computer {HORN}-1 for reconstruction of virtual image in three dimensions},
year  = {1994},
volume = {82},
pages = {104-110},
month = {September},
}

@ARTICLE{HORN2,
author = {T. Ito and H. Eldeib and K. Yoshida and S. Takahashi and T. Yabe and T. Kunugi},
journal = {Computer physics communications},
title = {Special-purpose computer for holography {HORN}-2},
year  = {1996},
volume = {93},
pages = {13-20},
month = {January},
}	

@ARTICLE{HORN3,
author = {T. Shimobaba and N. Masuda and T. Sugie and S. Hosono and S. Tsukui and T. Ito},
journal = {Computer physics communications},
title = {Special-purpose computer for holography {HORN}-3 with {PLD} technology},
year  = {2000},
volume = {130},
pages = {75-82},
month = {July},
}

@ARTICLE{HORN4,
author = {T. Shimobaba and S. Hishinuma and T. Ito},
journal = {Computer physics communications},
title = {
Special-purpose computer for holography {HORN}-4 with recurrence algorithm},
year  = {2002},
volume = {148},
pages = {160-170},
month = {October},
}

@ARTICLE{HORN5,
author = {T. Ito and N. Masuda and K. Yoshimura and A. Shiraki and T. Shimobaba and T. Sugie},
journal = {Optical express},
title = {Special-purpose computer {HORN}-5 for a real-time electroholography},
year  = {2005},
volume = {13},
pages = {1923-1932},
}

@ARTICLE{HORN6,
author = {Y. Ichihashi and H. Nakayama and T. Ito and N. Masuda and T. Shimobaba and A. Shiraki and T. Sugie},
journal = {Optics express},
title = {{HORN}-6 special-purpose clustered computing system for electroholography},
year  = {2009},
volume = {17},
pages = {13895-13903},
}

@inproceedings{HORN7,
 author = {Okapi, N and Hirai, D and Ichihashi, Y and Shiraki, Atsushi and Kakue, T and Shimababa, T and Masuda, N and Ito, T.},
 title = {Special-purpose computer {HORN}-7 with {FPGA} technology for phase modulation type electrohologrpahy},
 journal = {Proceedings of the International Display Workshops},
 volume = {3},
 pages = {1284-1287},
} 

@ARTICLE{LUTReview, 
author={T. Nishitsuji and T. Shimobaba and T. Kakue and T. Ito}, 
journal={IEEE Transactions on Industrial Informatics}, 
title={Review of Fast Calculation Techniques for Computer-Generated Holograms With the Point-Light-Source-Based Model}, 
year={2017}, 
volume={13}, 
number={5}, 
pages={2447-2454}, 
doi={10.1109/TII.2017.2669200}, 
ISSN={1551-3203}, 
month={Oct},
}

@ARTICLE{RecurrenceAlgorithm,
author = {T. Shimobaba and T. Ito},
journal = {Computer physics communications},
title = {An efficient computational method suitable for hardware of computer-generated hologram with phase computation by addition},
year  = {2001},
volume = {138},
pages = {44-52},
month = {July},
}

@proceeding{RecurrenceAlgorithmRef8,
author = { H. Yoshikawa and S. Iwase and T. Oneda},
title = {Fast computation of Fresnel holograms employing difference},
journal = {Proc.SPIE},
volume = {3956},
number = {},
pages = {3956 - 3956 - 8},
year = {2000},
doi = {10.1117/12.380022},
URL = {https://doi.org/10.1117/12.380022},
}

@book{Ref_Dummies,
  title={{FPGA}s for Dummies},
  author={A. Moore},
  isbn={9781118942208},
  lccn={20010325},
  series={Dummies brand},
  url={https://books.google.co.uk/books?id=7aG6QgAACAAJ},
  year={2014},
  publisher={John Wiley and Sons}
}

@book{michael2002advanced,
  title={Advanced Digital Design with the {V}erilog {HDL}},
  author={M. D. Ciletti},
  isbn={9780131760622},
  lccn={2002074816},
  series={Prentice Hall Xilinx design series},
  url={https://books.google.co.uk/books?id=gNYBAAAACAAJ},
  year={2002},
  publisher={Prentice Hall}
}

@book{Ref88-9, 
   author = {{NVIDIA Corporation}}, 
   title = {{NVIDIA} {CUDA} Compute Unified Device Architecture Programming Guide}, 
   publisher = {NVIDIA Corporation}, 
   year = {2007}
}

@book{CycloneIV1, 
   author = {{Altera Corporation}}, 
   title = {Cyclone {IV} Device Handbook},
   volume = {1}, 
   publisher = {Altera Corporation}, 
   month = {November},
   year = {2009}
}

@book{roth2009fundamentals,
  title={Fundamentals of Logic Design},
  author={Roth, C.H. and Kinney, L.L.},
  isbn={9781111781392},
  url={https://books.google.co.uk/books?id=ATMEAAAAQBAJ},
  year={2009},
  publisher={Cengage Learning}
}

@ARTICLE{PW-38,
author = {J. Cooley and W. Tukey},
journal = {Mathematics of Computation},
title = {An algorithm for the machine calculation of complex fourier series},
year  = {1965},
volume = {19},
pages = {297-301},
month = {April},
}

@phdthesis{PetwerMash,
  author       = {P. Mash}, 
  title        = {Hardware implications for efficient production of computer-generated holograms},
  school       = {University of Cambridge},
  year         = {2006},
  address      = {CUED},
  month        = {September},
}

@phdthesis{SJ,
  author       = {S. J. Senanayake}, 
  title        = {Holographic enhancement of fibre optic sensors},
  school       = {University of Cambridge},
  year         = {2016},
  address      = {CUED},
  month        = {September},
}

@phdthesis{EdwardBuckley,
  author       = {E. Buckley}, 
  title        = {Computer-generated holograms for real-time image display and sensor applications},
  school       = {University of Cambridge},
  year         = {2006},
  address      = {CUED},
  month        = {September},
}

@article{Cable53.1,
author = {Cable, A. J. and Buckley, E. and Mash, P. and Lawrence, N. A. and Wilkinson, T. D. and Crossland, W. A.},
title = {53.1: Real-time Binary Hologram Generation for High-quality Video Projection Applications},
journal = {SID Symposium Digest of Technical Papers},
volume = {35},
number = {1},
pages = {1431-1433},
doi = {10.1889/1.1825772},
url = {https://onlinelibrary.wiley.com/doi/abs/10.1889/1.1825772},
eprint = {https://onlinelibrary.wiley.com/doi/pdf/10.1889/1.1825772},
}

@phdthesis{AdrainCable,
  author       = {A. J. Cable}, 
  title        = {Real-time high-quality two and three-dimentional holographic video projection using the one-step phase retrevial ({OSPR}) approach},
  school       = {University of Cambridge},
  year         = {2006},
  address      = {CUED},
  month        = {September},
}

@phdthesis{AK,
  author       = {A. Kaczorowski}, 
  title        = {Adaptive aberration correction for holographic projectors},
  school       = {University of Cambridge},
  year         = {2017},
  address      = {CUED},
  month        = {January},
}

@phdthesis{RickChen,
  author       = {R. Chen}, 
  title        = {Computer-generated holograms for 3-{D} holographic display},
  school       = {University of Cambridge},
  year         = {2010},
  address      = {CUED},
  month        = {September},
}

@phdthesis{JonFreeman,
  author       = {J. Freeman}, 
  title        = {Visor projected helmet mounted display for fast jet aviators using a Fourier video projector},
  school       = {University of Cambridge},
  year         = {2009},
  address      = {CUED},
  month        = {September},
}

@mastersthesis{AgnesCameron,
  author       = {A. Cameron}, 
  title        = {Exploring spatial augmented reality with holographic projection},
  school       = {University of Cambridge},
  year         = {2017},
  address      = {CUED},
  month        = {May},
}

@mastersthesis{TomMarkham,
  author       = {T. Markham}, 
  title        = {Interface design for a fast ferroelectric liquid crystal display},
  school       = {University of Cambridge},
  year         = {2017},
  address      = {CUED},
  month        = {May},
}

@mastersthesis{DanMacGraw,
  author       = {D. McGraw}, 
  title        = {Interface design for a fast ferroelectric display},
  school       = {University of Cambridge},
  year         = {2018},
  address      = {CUED},
  month        = {May},
}

@ARTICLE{VolderCORDIC, 
author={J. E. Volder}, 
journal={IRE Transactions on Electronic Computers}, 
title={The {CORDIC} Trigonometric Computing Technique}, 
year={1959}, 
volume={EC-8}, 
number={3}, 
pages={330-334}, 
doi={10.1109/TEC.1959.5222693}, 
ISSN={0367-9950}, 
month={Sept},
}

@inproceedings{AndrakaCORDIC,
 author = {Andraka, R.},
 title = {A Survey of {CORDIC} Algorithms for FPGA Based Computers},
 booktitle = {Proceedings of the 1998 ACM/SIGDA Sixth International Symposium on Field Programmable Gate Arrays},
 series = {FPGA '98},
 year = {1998},
 isbn = {0-89791-978-5},
 location = {Monterey, California, USA},
 pages = {191--200},
 numpages = {10},
 url = {http://doi.acm.org/10.1145/275107.275139},
 doi = {10.1145/275107.275139},
 acmid = {275139},
 publisher = {ACM},
 address = {New York, NY, USA},
} 

@PROCEEDINGS{Vividq_Conference,
  title = {Real-time holographic solution for true 3{D}-display},
  booktitle = {embedded world 2018},
  publisher = {Embedded world 2018},
  year = {2018},
}

@article{BH_Extended_Viewing,
author = {T. Kozacki and M. Kujawi\'{n}ska and G. Finke and B. Hennelly and N. Pandey},
journal = {Appl. Opt.},
number = {11},
pages = {1771--1780},
publisher = {OSA},
title = {Extended viewing angle holographic display system with tilted {SLM}s in a circular configuration},
volume = {51},
month = {Apr},
year = {2012},
url = {http://ao.osa.org/abstract.cfm?URI=ao-51-11-1771},
doi = {10.1364/AO.51.001771},
}

@article{CircularConfigurationWithoutGap,
author = {F. Yara\c{s} and H. Kang and L. Onural},
journal = {Opt. Express},
number = {10},
pages = {9147--9156},
publisher = {OSA},
title = {Circular holographic video display system},
volume = {19},
month = {May},
year = {2011},
url = {http://www.opticsexpress.org/abstract.cfm?URI=oe-19-10-9147},
}

@inproceeding{MultiSLMCircularDisplay,
author = {W. Zaperty and T. Kozacki and M. Kujawińska},
title = {Multi {SLM}s holographic display with inclined plane wave illumination},
journal = {Proc.SPIE},
volume = {8083},
number = {},
pages = {8083 - 8083 - 11},
year = {2011},
doi = {10.1117/12.890132},
URL = {https://doi.org/10.1117/12.890132},
}

@article{WideAngleSpatiotemporalMultiplexing,
author = {T. Kozacki and G. Finke and P. Garbat and W. Zaperty and M. Kujawi\'{n}ska},
journal = {Opt. Express},
number = {25},
pages = {27473--27481},
publisher = {OSA},
title = {Wide angle holographic display system with spatiotemporal multiplexing},
volume = {20},
month = {Dec},
year = {2012},
url = {http://www.opticsexpress.org/abstract.cfm?URI=oe-20-25-27473},
doi = {10.1364/OE.20.027473},
}

@article{MultiwavefrontDigitalHolographicTelevision,
author = {M. Kujawinska and T. Kozacki and C. Falldorf and T. Meeser and B. M. Hennelly and P. Garbat and W. Zaperty and M. Niemel\"{a} and G. Finke and M. Kowiel and T. Naughton},
journal = {Opt. Express},
number = {3},
pages = {2324--2336},
publisher = {OSA},
title = {Multiwavefront digital holographic television},
volume = {22},
month = {Feb},
year = {2014},
url = {http://www.opticsexpress.org/abstract.cfm?URI=oe-22-3-2324},
doi = {10.1364/OE.22.002324},
}

@INPROCEEDINGS{PlanarConfiguration, 
author={F. Yaraş and H. Kang and L. Onural}, 
booktitle={2010 3DTV-Conference: The True Vision - Capture, Transmission and Display of 3D Video}, 
title={Multi-{SLM} holographic display system with planar configuration}, 
year={2010}, 
volume={}, 
number={}, 
pages={1-4},  
doi={10.1109/3DTV.2010.5506332}, 
ISSN={2161-2021}, 
month={June},}

@article{ResolutionAndViewingOf3DHoloImage,
author = {T. Kozacki},
journal = {Opt. Express},
keywords = {Holographic display; Vision - binocular and stereopsis},
number = {26},
pages = {27118--27129},
publisher = {OSA},
title = {On resolution and viewing of holographic image generated by 3{D} holographic display},
volume = {18},
month = {Dec},
year = {2010},
url = {http://www.opticsexpress.org/abstract.cfm?URI=oe-18-26-27118},
doi = {10.1364/OE.18.027118},
}

@book{HDP_Manual, 
   author = {{DisplayTech Inc.}}, 
   title = {Customer product specification (CPS) Holographic Display Panel Model: HDP-1280-2},
   publisher = {DisplayTech Inc.}, 
   year = {2002}
}